
@book{Wieringa2014,
  title={Design science methodology for information systems and software engineering},
  author={Wieringa, Roel J},
  year={2014},
  publisher={Springer}
}
@article{Gregor2013,
  title={Positioning and presenting design science research for maximum impact},
  author={Gregor, Shirley and Hevner, Alan R},
  journal={MIS quarterly},
  volume={37},
  number={2},
  year={2013}
}
    
@article{Gayoso-Cabada2013,
  journal = {ACM International Conference Proceeding Series},
  title = {@note: An electronic tool for academic readings},
  author = {Joaquín Gayoso-Cabada and Amelia Sanz-Cabrerizo and José Luis Sierra},
  year = {2013},
  pages = {0--3},
  doi = {10.1145/2517978.2517996},
  isbn = {9781450321990}
}
@article{Kalboussi2016,
  journal = {International Journal of Technology Enhanced Learning},
  title = {Comparative study of web annotation systems used by learners to enhance educational practices: Features and services},
  author = {Anis Kalboussi and Omar Mazhoud and Ahmed Hadj Kacem},
  year = {2016},
  pages = {129--150},
  volume = {8},
  doi = {10.1504/IJTEL.2016.078081},
  issn = {17535263},
  number = {2},
  url = {http://www.inderscience.com/link.php?id=78081}
}
@inproceedings{Lee2002,
  booktitle = {Lecture Notes in Computer Science (including subseries Lecture Notes in Artificial Intelligence and Lecture Notes in Bioinformatics)},
  title = {Concepts and guidelines of feature modeling for product line software engineering},
  author = {Kwanwoo Lee and Kyo C. Kang and Jaejoon Lee},
  year = {2002},
  pages = {62--77},
  volume = {2319},
  publisher = {Springer Verlag},
  doi = {10.1007/3-540-46020-9_5},
  issn = {16113349},
  isbn = {9783540434832}
}
@inproceedings{Kalboussi2015,
  booktitle = {Lecture Notes in Computer Science (including subseries Lecture Notes in Artificial Intelligence and Lecture Notes in Bioinformatics)},
  title = {How to organize the annotation systems in human-computer environment: Study, classification and observations},
  author = {Anis Kalboussi and Nizar Omheni and Omar Mazhoud and Ahmed Hadj Kacem},
  year = {2015},
  pages = {115--133},
  volume = {9297},
  publisher = {Springer Verlag},
  doi = {10.1007/978-3-319-22668-2_11},
  issn = {16113349},
  isbn = {9783319226675}
}
@article{Ghadirian2018,
  journal = {International Journal of Learning Technology},
  title = {Social annotation tools in higher education: a preliminary systematic review},
  author = {Hajar Ghadirian and Keyvan Salehi and Ahmad Fauzi Mohd Ayub},
  year = {2018},
  pages = {130--162},
  volume = {13},
  doi = {10.1504/IJLT.2018.092096},
  issn = {1477-8386},
  number = {2}
}
@article{Neves2019,
  journal = {Briefings in Bioinformatics},
  title = {An extensive review of tools for manual annotation of documents},
  author = {Mariana Neves and Jurica Ševa},
  year = {2019},
  month = {12},
  doi = {10.1093/bib/bbz130},
  issn = {1477-4054},
  url = {https://academic.oup.com/bib/advance-article/doi/10.1093/bib/bbz130/5670958}
}
@techreport{CohenTOWARDSTHE,
  title = {TOWARDS THE LAST ANNOTATION TOOL},
  author = {K B Cohen and D Demner-Fushman and K Fort and C Grouin and L E Hunter and U Leser and A N ´ Evéolev´ Evéol and M Neves and P Zweigenbaum}
}
@article{Neves2014,
  journal = {Briefings in Bioinformatics},
  title = {A survey on annotation tools for the biomedical literature},
  author = {Mariana Neves and Ulf Leser},
  year = {2014},
  pages = {327--340},
  volume = {15},
  publisher = {Oxford University Press},
  doi = {10.1093/bib/bbs084},
  issn = {14774054},
  number = {2}
}